<collection xmlns="http://www.loc.gov/MARC21/slim">
<record>
  <leader>02074nam0a2200349 i 450 </leader>
  <controlfield tag="001">IT\ICCU\CNCE\072270</controlfield>
  <controlfield tag="005">20080722000000.0</controlfield>
  <datafield tag="012" ind1=" " ind2=" ">
    <subfield code="a">e-ro o.O, e;e? AlSi (3) 1599 (R)</subfield>
    <subfield code="2">fei</subfield>
  </datafield>
  <datafield tag="100" ind1=" " ind2=" ">
    <subfield code="a">20071221d1599        0itac0103    ba</subfield>
  </datafield>
  <datafield tag="101" ind1=" " ind2=" ">
    <subfield code="a">ITA</subfield>
  </datafield>
  <datafield tag="102" ind1=" " ind2=" ">
    <subfield code="a">IT</subfield>
  </datafield>
  <datafield tag="200" ind1="1" ind2=" ">
    <subfield code="a">Cento fauole morali. De i piu illustri antichi, et moderni autori greci, et latini, scielte, et trattate in varie maniere di versi volgari da m. Gio. Mario Verdizzotti; nelle quali oltra l&apos;ornamento di uarie e belle figure, si contengono molti precetti pertinenti alla prudenza della uita uirtuosa et ciuile. Nouamente ampliate dall&apos;istesso autore</subfield>
  </datafield>
  <datafield tag="210" ind1=" " ind2=" ">
    <subfield code="a">In Venetia</subfield>
    <subfield code="c">appresso Alessandro de&apos;Vecchi</subfield>
    <subfield code="d">1599</subfield>
  </datafield>
  <datafield tag="215" ind1=" " ind2=" ">
    <subfield code="a">301 \i.e. 299!, \9! p.</subfield>
    <subfield code="c">ill.</subfield>
    <subfield code="d">4ʻ</subfield>
  </datafield>
  <datafield tag="620" ind1=" " ind2=" ">
    <subfield code="a">IT</subfield>
    <subfield code="d">Venezia</subfield>
  </datafield>
  <datafield tag="700" ind1=" " ind2="1">
    <subfield code="a">Verdizzotti,</subfield>
    <subfield code="b">Giovanni Mario</subfield>
    <subfield code="3">IT\ICCU\CNCA\006395</subfield>
  </datafield>
  <datafield tag="712" ind1="0" ind2="0">
    <subfield code="a">Vecchi, Alessandro</subfield>
    <subfield code="3">IT\ICCU\CNCT\000785</subfield>
    <subfield code="4">650</subfield>
  </datafield>
  <datafield tag="790" ind1=" " ind2="1">
    <subfield code="a">Verdezzotti,</subfield>
    <subfield code="b">Giovanni Mario</subfield>
    <subfield code="3">IT\ICCU\CNCA\023888</subfield>
    <subfield code="z">Verdizzotti, Giovanni Mario</subfield>
  </datafield>
  <datafield tag="790" ind1=" " ind2="1">
    <subfield code="a">Verdizotus,</subfield>
    <subfield code="b">Ioannes Marius</subfield>
    <subfield code="3">IT\ICCU\CNCA\023889</subfield>
    <subfield code="z">Verdizzotti, Giovanni Mario</subfield>
  </datafield>
  <datafield tag="790" ind1=" " ind2="1">
    <subfield code="a">Verdizotti,</subfield>
    <subfield code="b">Giovanni Mario</subfield>
    <subfield code="3">IT\ICCU\CNCA\023890</subfield>
    <subfield code="z">Verdizzotti, Giovanni Mario</subfield>
  </datafield>
  <datafield tag="790" ind1=" " ind2="1">
    <subfield code="a">Verdizzoti,</subfield>
    <subfield code="b">Giovanni Maria</subfield>
    <subfield code="3">IT\ICCU\CNCA\023891</subfield>
    <subfield code="z">Verdizzotti, Giovanni Mario</subfield>
  </datafield>
  <datafield tag="791" ind1="0" ind2="0">
    <subfield code="a">De_Vecchiis, Alexander</subfield>
    <subfield code="3">IT\ICCU\CNCT\004153</subfield>
    <subfield code="z">Vecchi, Alessandro</subfield>
  </datafield>
  <datafield tag="791" ind1="0" ind2="0">
    <subfield code="a">Vecchius, Alexander</subfield>
    <subfield code="3">IT\ICCU\CNCT\005860</subfield>
    <subfield code="z">Vecchi, Alessandro</subfield>
  </datafield>
  <datafield tag="791" ind1="0" ind2="0">
    <subfield code="a">Vecchia, Alessandro</subfield>
    <subfield code="3">IT\ICCU\CNCT\005861</subfield>
    <subfield code="z">Vecchi, Alessandro</subfield>
  </datafield>
  <datafield tag="801" ind1=" " ind2="3">
    <subfield code="a">IT</subfield>
    <subfield code="b">ICCU</subfield>
    <subfield code="c">20201115</subfield>
  </datafield>
  <datafield tag="899" ind1=" " ind2=" ">
    <subfield code="a">Biblioteca civica Queriniana. Brescia</subfield>
    <subfield code="1">BS0026</subfield>
    <subfield code="2">ZBS 01</subfield>
  </datafield>
  <datafield tag="899" ind1=" " ind2=" ">
    <subfield code="a">Biblioteca Casanatense. Roma</subfield>
    <subfield code="1">RM0313</subfield>
    <subfield code="2">RML 07</subfield>
  </datafield>
  <datafield tag="899" ind1=" " ind2=" ">
    <subfield code="a">Biblioteca dell&apos;Accademia nazionale dei Lincei e Corsiniana. Roma</subfield>
    <subfield code="1">RM0418</subfield>
    <subfield code="2">RML 10</subfield>
  </datafield>
  <datafield tag="899" ind1=" " ind2=" ">
    <subfield code="a">Biblioteca comunale. Treviso</subfield>
    <subfield code="1">TV0114</subfield>
    <subfield code="2">VIA CT</subfield>
  </datafield>
  <datafield tag="899" ind1=" " ind2=" ">
    <subfield code="a">Biblioteca Bartoliniana. Udine</subfield>
    <subfield code="1">UD0243</subfield>
    <subfield code="2">ZUD 12</subfield>
  </datafield>
  <datafield tag="911" ind1=" " ind2=" ">
    <subfield code="a">Sul front.</subfield>
    <subfield code="9">IT\ICCU\CNCM\000721</subfield>
  </datafield>
  <datafield tag="921" ind1=" " ind2=" ">
    <subfield code="a">IT\ICCU\CNCM\000721</subfield>
    <subfield code="b">Ramo di rose con tre fiori. In cornice figurata</subfield>
    <subfield code="e">Dabo omnibus gratum odorem.</subfield>
    <subfield code="c">V504</subfield>
    <subfield code="f">DABOOMNIBU</subfield>
    <subfield code="f">FIORI</subfield>
    <subfield code="f">RAMO</subfield>
    <subfield code="f">ROSE</subfield>
    <subfield code="g">1597-1599</subfield>
  </datafield>
</record>
</collection>
